<?xml version="1.0" encoding="UTF-8"?><collection xmlns="http://www.loc.gov/MARC21/slim"><record><leader>00633nam--2200181-i-4500</leader><controlfield tag="001">000040748</controlfield><controlfield tag="002">20161230</controlfield><controlfield tag="005">20161230201042</controlfield><controlfield tag="008">060222s1000------------r-----000-0-eng-d</controlfield><datafield ind1=" " ind2=" " tag="040"><subfield code="a">IFIN-HH</subfield></datafield><datafield ind1=" " ind2=" " tag="080"><subfield code="a">532.5.013(061.3)</subfield></datafield><datafield ind1="1" ind2=" " tag="100"><subfield code="a">Schulz-Dubois, E. O</subfield></datafield><datafield ind1="1" ind2="0" tag="245"><subfield code="a">Photon correlation techniques in fluid mechanics</subfield><subfield code="b">Proceedings of the 5th iternational conference at kiel-damp, fed. rep. of germany, may 23-26, 1982</subfield><subfield code="c">E.O. SCHULZ-DUBIOS (Ed.)</subfield></datafield><datafield ind1=" " ind2=" " tag="260"><subfield code="a">NEW YORK</subfield><subfield code="b">Springer-verlag</subfield><subfield code="c">1983</subfield></datafield><datafield ind1=" " ind2=" " tag="300"><subfield code="a">X + 399 P</subfield></datafield><datafield ind1=" " ind2=" " tag="490"><subfield code="a">Springer Series In Optical Sciences</subfield><subfield code="v">Vol. 38</subfield></datafield><datafield ind1=" " ind2=" " tag="852"><subfield code="a">44207</subfield><subfield code="c">535</subfield></datafield><datafield ind1=" " ind2=" " tag="CAT"><subfield code="a">Sys</subfield><subfield code="c">20101115</subfield><subfield code="h">111552</subfield></datafield></record></collection>